@Misc{gcc,
  title = {GCC, the {GNU} Compiler Collection},
  howpublished = {\url{https://gcc.gnu.org/}},
}
                  
@Misc{llvm,
  title = {The {LLVM} Compiler Infrastructure Project},
  howpublished = {\url{https://llvm.org/}},
}

@Misc{mem2reg,
  title = "Promote Memory to Register",
  howpublished = {\url{https://llvm.org/docs/Passes.html#mem2reg-promote-memory-to-register}},
}
                  
@Misc{regalloc,
  title = "Register allocation",
  howpublished = {\url{https://en.wikipedia.org/wiki/Register_allocation}},
}

@Misc{nasal-demons,
  title = "Why is this legal?",
  howpublished = {\url{https://groups.google.com/forum/?hl=en#!msg/comp.std.c/ycpVKxTZkgw/S2hHdTbv4d8J}},
}

@Misc{c18,
  author = "{ISO}",
  title = " {ISO/IEC 9899:2018}: {Programming} languages --- {C}",
  howpublished = {\url{https://www.iso.org/standard/74528.html}},
}

@Misc{c++17,
  author = "{ISO}",
  title = " {ISO/IEC 14882:2017}: {Programming} languages --- {C++}",
  howpublished = {\url{https://www.iso.org/standard/68564.html}},
}
                  
@inproceedings{intptrcast,
 author = {Kang, Jeehoon and Hur, Chung-Kil and Mansky, William and Garbuzov, Dmitri and Zdancewic, Steve and Vafeiadis, Viktor},
 title = {A Formal C Memory Model Supporting Integer-pointer Casts},
 booktitle = {PLDI},
 year = {2015},
} 

@inproceedings{promising,
 author = {Kang, Jeehoon and Hur, Chung-Kil and Lahav, Ori and Vafeiadis, Viktor and Dreyer, Derek},
 title = {A Promising Semantics for Relaxed-memory Concurrency},
 booktitle = {POPL},
 year = {2017},
} 

@inproceedings{sepcomp,
 author = {Kang, Jeehoon and Kim, Yoonseung and Hur, Chung-Kil and Dreyer, Derek and Vafeiadis, Viktor},
 title = {Lightweight Verification of Separate Compilation},
 booktitle = {POPL},
 year = {2016},
}

@inproceedings{BattyEtAl2011,
  title={Mathematizing {C}++ concurrency},
  author={Batty, M. and Owens, S. and Sarkar, S. and Sewell, P. and Weber, T.},
  OPTauthor={Batty, Mark and Owens, Scott and Sarkar, Susmit and Sewell, Peter and Weber, Tjark},
  booktitle={POPL},
  OPTpages={55--66},
  year={2011},
  OPTorganization={ACM},
  doi = {10.1145/1925844.1926394},
}

@inproceedings{FlurEtAl2017,
  author = {Flur, S. and Sarkar, S. and Pulte, C. and Nienhuis, K. and Maranget, L. and Gray, K. E. and Sezgin, A. and Batty, M. and Sewell, P.},
  OPTauthor = {Flur, Shaked and Sarkar, Susmit and Pulte, Christopher and Nienhuis, Kyndylan and Maranget, Luc and Gray, Kathryn E. and Sezgin, Ali and Batty, Mark and Sewell, Peter},
  title = {Mixed-size Concurrency: {ARM}, {POWER}, {C/C++11}, and {SC}},
  OPTbooktitle = {The 44st Annual {ACM} {SIGPLAN-SIGACT} Symposium on Principles of
               Programming Languages,  Paris, France},
  year = {2017},
  month = jan,
  pages = {429--442},
  numpages = {14},
  booktitle = {{POPL}},
  doi = {10.1145/3093333.3009839},
}

@inproceedings{PulteEtAl2018,
  author = {Pulte, C. and Flur, S. and Deacon, W. and French, J. and Sarkar, S. and Sewell, P.},
  OPTauthor = {Pulte, Christopher and Flur, Shaked and Deacon, Will and French, Jon and Sarkar, Susmit and Sewell, Peter},
  title = {Simplifying {ARM} Concurrency: Multicopy-atomic Axiomatic and Operational Models for {ARMv8}},
  year = {2018},
  booktitle = {{POPL}},
  doi = {10.1145/3158107},
}

@book{ARMARM,
  author = {{ARM}},
  OPTchapter = {The AArch64 Application Level Memory Model},
  title = {{ARM} Architecture Reference Manual},
  year = {2018},
}

                  
@book{RISCV,
  author = {Waterman, Andrew and Asanovi\'{c}, Krste },
  title = {The RISC-V Instruction Set Manual Volume I: User-Level ISA},
  year = {2018},
}



@misc{Mechanisation,
  author = {{Anonymous}},
  title = {Mechanisation},
}

@inproceedings{AlglaveEtAl2014,
  author    = {Alglave, J. and
               Maranget, L. and
               Tautschnig, M.},
  OPTauthor    = {Alglave, Jade and
               Maranget, Luc and
               Tautschnig, Michael},
  title     = {Herding cats: modelling, simulation, testing, and data-mining for
               weak memory},
  OPTbooktitle = {{ACM} {SIGPLAN} Conference on Programming Language Design and Implementation,
               {PLDI} '14, Edinburgh, United Kingdom - June 09 - 11, 2014},
  booktitle = {{PLDI}},
  OPTpages     = {7},
  year      = {2014},
  OPTurl       = {http://doi.acm.org/10.1145/2594291.2594347},
  doi = {10.1145/2594291.2594347},
}

@inproceedings{ZhangEtAl2017,
  author    = {Zhang, S. and Vijayaraghavan, M. and Arvind},
  OPTauthor    = {Zhang, Sizhuo and Vijayaraghavan, Muralidaran and Arvind},
  title     = {Weak Memory Models: Balancing Definitional Simplicity and Implementation
               Flexibility},
  booktitle = {{PACT}},
  OPTbooktitle = {26th International Conference on Parallel Architectures and Compilation
               Techniques, {PACT} 2017, Portland, OR, USA, September 9-13, 2017},
  OPTpages     = {288--302},
  year      = {2017},
  url       = {https://doi.org/10.1109/PACT.2017.29},
  doi       = {10.1109/PACT.2017.29},
}

@inproceedings{FlurEtAl2016,
  author    = {Flur, S. and
               Gray, K. E. and
               Pulte, C. and
               Sarkar, S. and
               Sezgin, A. and
               Maranget, L. and
               Deacon, W. and
               Sewell, P.},
  OPTauthor    = {Flur, Shaked and
               Gray, Kathryn E. and
               Pulte, Christopher and
               Sarkar, Susmit and
               Sezgin, Ali and
               Maranget, Luc and
               Deacon, Will and
               Sewell, Peter},
  title     = {Modelling the {ARMv8} architecture, operationally: concurrency and {ISA}},
  booktitle = {POPL},
  OPTpages     = {608--621},
  year      = {2016},
  OPTurl       = {http://doi.acm.org/10.1145/2837614.2837615},
  doi       = {10.1145/2837614.2837615},
}


@inproceedings{NienhuisMS2016,
  author = {Nienhuis, K. and Memarian, K. and Sewell, P.},
  OPTauthor = {Nienhuis, Kyndylan and Memarian, Kayvan and Sewell, Peter},
  title = {An operational semantics for {C/C++11} concurrency},
  booktitle = {{OOPSLA}},
  year = {2016},
  doi = {10.1145/2983990.2983997},
}

@InProceedings{BoehmAdve2008,
  author = {Boehm, H.-J. and Adve, S.V.},
  title = {Foundations of the {C}++ concurrency memory model},
  booktitle = {PLDI},
  year = {2008},
  OPTpages = {68--78},
  doi = {http://doi.acm.org/10.1145/1379022.1375591},
  OPTpublisher = {ACM},
  OPTaddress = {New York, NY, USA},
}

@inproceedings{OwensEtAl2009,
  author    = {Owens, S. and
               Sarkar, S. and
               Sewell, P.},
  OPTauthor    = {Owens, Scott and
               Sarkar, Susmit and
               Sewell, Peter},
  title     = {A Better x86 Memory Model: {x86-TSO}},
  booktitle = {TPHOLs},
  OPTpages     = {391--407},
  year      = {2009},
  OPTurl       = {http://dx.doi.org/10.1007/978-3-642-03359-9_27},
  doi       = {10.1007/978-3-642-03359-9_27},
}

@misc{PowerISA,
  title = {Power {ISA} version 2.06},
  author = {{IBM}},
  year = {2009},
}

@inproceedings{SarkarEtAl2011,
  title     = {Understanding {POWER} Multiprocessors},
  author    = {Sarkar, S. and
             Sewell, P. and
             Alglave, J. and
             Maranget, L. and
             Williams, D.},
  OPTauthor    = {Sarkar, Susmit and
             Sewell, Peter and
             Alglave, Jade and
             Maranget, Luc and
             Williams, Derek},
  booktitle = {PLDI},
  month     = {June},
  year      = {2011},
  OPTpages     = {175--186},
  doi = {10.1145/1993498.1993520},
}

@InProceedings{GrayKMPSS2015,
  author = {Gray, Kathryn E. and Kerneis, Gabriel and Mulligan, Dominic and Pulte, Christopher and Sarkar, Susmit and Sewell, Peter},
  title = {An integrated concurrency and core-{ISA} architectural envelope definition, and test oracle, for {IBM POWER} multiprocessors},
  booktitle = {{MICRO}},
  OPTbooktitle =    {Proc.~MICRO-48, the 48th Annual IEEE/ACM International Symposium on Microarchitecture},
  year = {2015},
  month = dec,
  doi = {10.1145/2830772.2830775},
}

@inproceedings{AlglaveMSS2011,
  author    = {Alglave, J. and
               Maranget, L. and
               Sarkar, S. and
               Sewell, P.},
  OPTauthor    = {Alglave, Jade and
               Maranget, Luc and
               Sarkar, Susmit and
               Sewell, Peter},
  title     = {litmus: Running Tests against Hardware},
  booktitle = {{TACAS}},
  OPTpages     = {41--44},
  year      = {2011},
  OPTurl       = {https://doi.org/10.1007/978-3-642-19835-9_5},
  doi       = {10.1007/978-3-642-19835-9_5},
}

@article{KokologiannakisLSV2018,
  author    = {Kokologiannakis, M. and
               Lahav, O. and
               Sagonas, K. and
               Vafeiadis, V.},
  OPTauthor    = {Kokologiannakis, Michalis and
               Lahav, Ori and
               Sagonas, Konstantinos and
               Vafeiadis, Viktor},
  title     = {Effective stateless model checking for {C/C++} concurrency},
  journal   = {{PACMPL}},
  volume    = {2},
  number    = {{POPL}},
  pages     = {17:1--17:32},
  year      = {2018},
  OPTurl       = {http://doi.acm.org/10.1145/3158105},
  doi       = {10.1145/3158105},
}

@article{AbdullaAAJLS2017,
  author    = {Parosh Aziz Abdulla and
               Stavros Aronis and
               Mohamed Faouzi Atig and
               Bengt Jonsson and
               Carl Leonardsson and
               Konstantinos Sagonas},
  title     = {Stateless model checking for {TSO} and {PSO}},
  journal   = {Acta Inf.},
  volume    = {54},
  number    = {8},
  pages     = {789--818},
  year      = {2017},
  OPTurl       = {https://doi.org/10.1007/s00236-016-0275-0},
  doi       = {10.1007/s00236-016-0275-0},
}

@article{NorrisD2016,
  author    = {Brian Norris and
               Brian Demsky},
  title     = {A Practical Approach for Model Checking {C/C++11} Code},
  journal   = {{ACM} Trans. Program. Lang. Syst.},
  volume    = {38},
  number    = {3},
  pages     = {10:1--10:51},
  year      = {2016},
  OPTurl       = {http://doi.acm.org/10.1145/2806886},
  doi       = {10.1145/2806886},
}

@misc{MarangetSS2012,
    author = {Maranget, Luc and Sarkar, Susmit and Sewell, Peter},
    year = {2012},
    title = {A Tutorial Introduction to the {ARM} and {POWER} Relaxed Memory Models},
    url = {http://www.cl.cam.ac.uk/~pes20/ppc-supplemental/test7.pdf},
}

@inproceedings{SarkarEtAl2012,
  author    = {Sarkar, S. and
               Memarian, K. and
               Owens, S. and
               Batty, M. and
               Sewell, P. and
               Maranget, L. and
               Alglave, J. and
               Williams, D.},
  OPTauthor    = {Sarkar, Susmit and
               Memarian, Kayvan and
               Owens, Scott and
               Batty, Mark and
               Sewell, Peter and
               Maranget, Luc and
               Alglave, Jade and
               Williams, Derek},
  title     = {Synchronising {C/C++} and {POWER}},
  OPTbooktitle = {Proceedings of PLDI{ACM} {SIGPLAN} Conference on Programming Language Design and Implementation,
               {PLDI} '12, Beijing, China - June 11 - 16, 2012},
  booktitle = {{PLDI}},
  OPTpages     = {311--322},
  year      = {2012},
  OPTcrossref  = {DBLP:conf/pldi/2012},
  OPTurl       = {http://doi.acm.org/10.1145/2254064.2254102},
  doi       = {10.1145/2254064.2254102},
}

@inproceedings{AlglaveMSS2010,
  author = {Alglave, Jade and Maranget, Luc and Sarkar, Susmit and Sewell, Peter},
  title = {Fences in Weak Memory Models},
  year = {2010},
  booktitle = {{CAV}},
  doi = {10.1007/s10703-011-0135-z},
}

@inproceedings{AlglaveFIMSSZN2009,
  author = {Alglave, Jade and Fox, Anthony and Ishtiaq, Samin and Myreen, Magnus O. and Sarkar, Susmit and Sewell, Peter and Zappa Nardelli, Francesco},
  title = {The Semantics of {Power} and {ARM} Multiprocessor Machine Code},
  year = {2009},
  booktitle = {{DAMP}},
  doi = {10.1145/1481839.1481842},
}

@inproceedings{SarkarSZNORBMA2009,
    author = {Sarkar, Susmit and Sewell, Peter and Zappa Nardelli, Francesco and Owens, Scott and Ridge, Tom and Braibant, Thomas and Myreen, Magnus and Alglave, Jade},
    title = {The Semantics of {x86-CC} Multiprocessor Machine Code},
    year = {2009},
    booktitle = {{POPL}},
    doi = {10.1145/1480881.1480929},
}

@inproceedings{ChongIshtiaq2008,
  author = {Chong, Nathan and Ishtiaq, Samin},
  year = {2008},
  title = {Reasoning about the ARM weakly consistent memory model},
  booktitle = {{MSPC}},
  doi = {10.1145/1353522.1353528},
}

@inproceedings{AdirAS2003,
  author = {Adir, Allon and Attiya, Hagit and Shurekm, Gil},
  year = {2003},
  title = {Information-Flow Models for Shared Memory with an Application to the {PowerPC} Architecture},
  booktitle = {IEEE Trans. Parallel Distrib. Syst.14, 5},
  pages = {502-51},
  doi = {10.1109/TPDS.2003.1199067},
}

@techreport{CoreallSB1993,
  author = {Corella, F. and Stone, J. M. and Barton, C. M. },
  year = {1993},
  title = {Technical Report {RC18638}: A formal specification of the {PowerPC} shared memory architecture},
  publisher = {{IBM}},
}

@misc{MadorHaimMSMAOAMS2012,
  author = {Mador-Haim, Sela and Maranget, Luc and Sarkar, Susmit and Memarian, Kayvan and Alglave, Jade and Owens, Scott and Alur,  Rajeev and Martin, Milo M.  K.  and Sewell,  Peter and Williams, Derek},
  year = {2012},
  title = {An  Axiomatic  Memory  Model  for  {POWER}  Multiprocessors},
  booktitle = {{CAV}},
  pages = {495–512},
  doi = {10.1007/978-3-642-31424-7_36},
}

@inproceedings{AbdullaABN2017,
  author    = {Abdulla, Parosh Aziz and
               Atig, Mohamed Faouzi and
               Bouajjani, Ahmed and
               Ngo, Tuan Phong},
  title     = {Context-Bounded Analysis for {POWER}},
  booktitle = {{TACAS}},
  OPTbooktitle = {Tools and Algorithms for the Construction and Analysis of Systems
               - 23rd International Conference, {TACAS} 2017, Held as Part of the
               European Joint Conferences on Theory and Practice of Software, {ETAPS}
               2017, Uppsala, Sweden, April 22-29, 2017, Proceedings, Part {II}},
  pages     = {56--74},
  year      = {2017},
  doi       = {10.1007/978-3-662-54580-5_4},
}

@inproceedings{LahavGV2016,
  author = {Lahav, Ori and Giannarakis, Nick and Vafeiadis, Viktor},
  title = {Taming Release-acquire Consistency},
  OPTbooktitle = {Proceedings of the 43rd Annual ACM SIGPLAN-SIGACT Symposium on Principles of Programming Languages},
  booktitle = {{POPL}},
  OPTseries = {POPL '16},
  year = {2016},
  OPTisbn = {978-1-4503-3549-2},
  OPTlocation = {St. Petersburg, FL, USA},
  pages = {649--662},
  numpages = {14},
  OPTurl = {http://doi.acm.org/10.1145/2837614.2837643},
  doi = {10.1145/2837614.2837643},
  OPTacmid = {2837643},
  OPTpublisher = {ACM},
  OPTaddress = {New York, NY, USA},
  OPTkeywords = {C11, Weak memory model, operational semantics, release-acquire},
}

@unpublished{FlurEtAl2018,
  author = {Mundkur, Prashanth and Norton-Wright, Robert and Flur, Shaked},
  title = {{RISC-V} {ISA}},
  year = {2018},
}

@inproceedings{BattyMNPPS2015,
  author    = {Batty, M. and
               Memarian, K. and
               Nienhuis, K. and
               Pichon{-}Pharabod, J. and
               Sewell, P.},
  OPTauthor    = {Batty, Mark and
               Memarian, Kayvan and
               Nienhuis, Kyndylan and
               Pichon{-}Pharabod, Jean and
               Sewell, Peter},
  title     = {The Problem of Programming Language Concurrency Semantics},
  booktitle = {ESOP},
  year      = {2015},
  doi = {10.1007/978-3-662-46669-8_12},
}

@inproceedings{KellMS2016,
  author    = {Kell, Stephen and
               Mulligan, Dominic P. and
               Sewell, Peter},
  title     = {The missing link: explaining {ELF} static linking, semantically},
  booktitle = {{OOPSLA}},
  OPTbooktitle = {Proceedings of the 2016 {ACM} {SIGPLAN} International Conference on
               Object-Oriented Programming, Systems, Languages, and Applications,
               {OOPSLA} 2016, part of {SPLASH} 2016, Amsterdam, The Netherlands,
               October 30 - November 4, 2016},
  pages     = {607--623},
  year      = {2016},
  OPTurl       = {http://doi.acm.org/10.1145/2983990.2983996},
  doi       = {10.1145/2983990.2983996},
}
                  
@Misc{armv8-ax-cat,
  OPTkey =       {},
  author =       {Will Deacon},
  title =        {The {ARMv8} Application Level Memory Model},
  howpublished = {\url{https://github.com/herd/herdtools7/blob/master/herd/libdir/aarch64.cat}},
  OPTmonth =     {},
  year =         {2016},
  OPTnote =      {},
  OPTannote =    {}
}

                  
@Misc{linux_doc_spinlocks,
  author = {{Linux contributors}},
  title = {Documentation/locking/spinlocks.txt},
  howpublished = {\url{https://www.kernel.org/doc/Documentation/locking/spinlocks.txt}},
  year = 2014
}

@Misc{linux_doc_barriers,
  author = {David Howells and Paul E. McKenney and Will Deacon and Peter Zijlstra},
  title = {Documentation/memory-barriers.txt},
  howpublished = {\url{https://www.kernel.org/doc/Documentation/memory-barriers.txt}},
  year = 2018
}
                  
@article{arvind1,
 author = {Arvind, Arvind and Maessen, Jan-Willem},
 title = {Memory Model = Instruction Reordering + Store Atomicity},
 journal = {SIGARCH Comput. Archit. News},
 issue_date = {May 2006},
 volume = {34},
 number = {2},
 month = may,
 year = {2006},
 issn = {0163-5964},
 pages = {29--40},
 numpages = {12},
 url = {http://doi.acm.org/10.1145/1150019.1136489},
 doi = {10.1145/1150019.1136489},
 acmid = {1136489},
 publisher = {ACM},
 address = {New York, NY, USA},
} 
                  
@article{zhang2016taming,
  title={Taming Weak Memory Models},
  author={Zhang, Sizhuo and Arvind and Vijayaraghavan, Muralidaran},
  journal={arXiv preprint arXiv:1606.05416},
  year={2016}
}

@article{bertrand-meyer,
  author = {{Bertrand Meyer}},
  title = {Fourteen years of software engineering at ETH Zurich},
  howpublished = {\url{https://arxiv.org/abs/1712.05078}},
  year = 2016
}

@InProceedings{benton+:icfp09,
  author = 	 {Nick Benton and Chung-Kil Hur},
  title = 	 {Biorthogonality, Step-Indexing and Compiler Correctness},
  booktitle = {ICFP},
  year = 	 2009}
